@online{next_big_trend,
	title   = "Next Big Trend: Robots That Follow You Around",
	author  = "Tim Moynihan",
	url     = "http://www.wired.com/2014/10/robotic-followers",
    year    = "2014"
    note    = "[Online; accessed 27-April-2015]"
}

@book{ai_modern_approach,
    author    = "Stuart Russell and Peter Norvig",
    title     = "Artificial Intelligence: A Modern Approach",
    year      = "2013",
    publisher = "Pearson",
    edition   = "3rd",
}

@techreport{slam_for_dummies,
  added-at = {2012-09-19T13:05:17.000+0200},
  author = {Riisgaard, SÃ¸ren and Blas, Morten Rufus},
  biburl = {http://www.bibsonomy.org/bibtex/26afa607401b0f72df52274aba5ac9302/b.bruns},
  timestamp = {2012-09-19T13:05:17.000+0200},
  title = {SLAM for Dummies: A Tutorial Approach to Simultaneous Localization and Mapping },
  url = {http://ocw.mit.edu/courses/aeronautics-and-astronautics/16-412j-cognitive-robotics-spring-2005/projects/1aslam_blas_repo.pdf},
  year = 2005
}

 @misc{ wiki:xxx,
   author = "Wikipedia",
   title = "LaTeX --- Wikipedia{,} The Free Encyclopedia",
   year = "2015",
   url = "http://en.wikipedia.org/w/index.php?title=LaTeX&oldid=413720397",
   note = "[Online; accessed 27-April-2015]"
 }